@book{John,
  author = {Fritz John},
  year = {1982},
  title = {Partial Differential Equations},
  publisher = {Springer-Verlag}
}

@book{Evans,
  author = {Lawrence C. Evans},
  year = {2010},
  title = {Partial Differential Equations},
  publisher = {American Mathematical Society}
}

@book{Folland,
  author = {Gerald B. Folland},
  year = {1995},
  title = {Introdution to Partial Differential Equations},
  publisher = {Princeston University Press}
}
@book{Treves,
  author = {François Trèves},
  year = {1975},
  title = {Basic Linear Partial Differntial Equations},
  publisher = {Amacademic Press}
}
@book{Hormander,
  author = {Lars Hörmander},
  year = {1963},
  title = {Linear Partial Differential Operators},
  publisher = {Spinger-Verlag}
}